[gd_scene load_steps=3 format=3 uid="uid://d1bmx8aqann48"]

[ext_resource type="Script" path="res://start_page.gd" id="1_xmdmg"]
[ext_resource type="Texture2D" uid="uid://bv4yfaxx0oiku" path="res://img/background.png" id="2_ulv4v"]

[node name="StartPage" type="CanvasLayer"]
script = ExtResource("1_xmdmg")

[node name="Panel" type="TextureRect" parent="."]
anchors_preset = 8
anchor_left = 0.5
anchor_top = 0.5
anchor_right = 0.5
anchor_bottom = 0.5
offset_left = -400.0
offset_top = -250.0
offset_right = 400.0
offset_bottom = 250.0
grow_horizontal = 2
grow_vertical = 2
texture = ExtResource("2_ulv4v")
expand_mode = 3

[node name="URL" type="LineEdit" parent="Panel"]
layout_mode = 0
offset_left = 60.0
offset_top = 65.0
offset_right = 510.0
offset_bottom = 115.0
text = "http://localhost:58081"

[node name="connect" type="Button" parent="Panel"]
layout_mode = 0
offset_left = 550.0
offset_top = 65.0
offset_right = 750.0
offset_bottom = 115.0
text = "connect"

[node name="gameList" type="ItemList" parent="Panel"]
layout_mode = 0
offset_left = 60.0
offset_top = 134.0
offset_right = 510.0
offset_bottom = 434.0

[node name="description" type="RichTextLabel" parent="Panel"]
layout_mode = 0
offset_left = 549.0
offset_top = 139.0
offset_right = 749.0
offset_bottom = 346.0
theme_override_colors/font_outline_color = Color(0, 0, 0, 1)
theme_override_constants/outline_size = 4

[node name="start" type="Button" parent="Panel"]
layout_mode = 0
offset_left = 549.0
offset_top = 384.0
offset_right = 749.0
offset_bottom = 434.0
text = "Run"

[node name="grown_trees" type="CheckBox" parent="Panel"]
layout_mode = 0
offset_left = 551.0
offset_top = 349.0
offset_right = 713.0
offset_bottom = 380.0
theme_override_colors/font_outline_color = Color(0, 0, 0, 1)
text = "with grown Trees"

[node name="loadExamples" type="HTTPRequest" parent="."]

[node name="openExample" type="HTTPRequest" parent="."]

[node name="setTrees" type="HTTPRequest" parent="."]

[node name="getTreeRules" type="HTTPRequest" parent="."]

[connection signal="pressed" from="Panel/connect" to="." method="_on_connect_pressed"]
[connection signal="item_selected" from="Panel/gameList" to="." method="_on_game_list_item_selected"]
[connection signal="pressed" from="Panel/start" to="." method="_on_start_pressed"]
[connection signal="request_completed" from="loadExamples" to="." method="_on_con_request_completed"]
[connection signal="request_completed" from="openExample" to="." method="_on_open_example_request_completed"]
[connection signal="request_completed" from="setTrees" to="." method="_on_set_trees_request_completed"]
[connection signal="request_completed" from="getTreeRules" to="." method="_on_get_tree_rules_request_completed"]
